
@article{Kesting2007,
	author = {Arne Kesting and Martin Treiber and Dirk Helbing},
	title ={General Lane-Changing Model MOBIL for Car-Following Models},
	journal = {Transportation Research Record},
	volume = {1999},
	number = {1},
	pages = {86-94},
	year = {2007},
	doi = {10.3141/1999-10},
}
